%App Engine
@MISC{app-engine-www,
  title  = {Google {A}pp {E}ngine},
  author = {Google},
  year   = {2009},
  note   = {\newline \texttt{http://appengine.google.com/}}
}

@MISC{app-engine-intro,
  title  = {Introducing {G}oogle {A}pp {E}ngine},
  author = {Paul McDonald},
  month  = {April},
  year   = {2008},
  note   = {\newline \texttt{http://googleappengine.blogspot.com/2008/04/introducing-google-app- \newline engine-our-new.html}}
}

@MISC{app-engine-quotas,
  title  = {App {E}ngine {Q}uotas},
  author = {Google},
  month  = {March},
  year   = {2009},
  note   = {\newline \texttt{http://code.google.com/appengine/docs/quotas.html}}
}

%Google
@MISC{account-auth-api,
  title  = {Authentication for {I}nstalled {A}pplications},
  author = {Google},
  year   = {2009},
  note   = {\newline \texttt{http://code.google.com/apis/accounts/docs/AuthForInstalledApps.html}}
}

@MISC{service-api,
  title  = {Product {APIs}},
  author = {Google},
  year   = {2009},
  note   = {\newline \texttt{http://code.google.com/more/\#products-apis-ajaxsearch}}
}

@MISC{google-apps-www,
  title  = {Google {A}pps},
  author = {Google},
  year   = {2009},
  note   = {\newline \texttt{http://www.google.com/apps/}}
}

%IBIS
@MISC{ibis-www,
  title  = {Ibis webpage},
  author = {Vrije Universiteit Amsterdam},
  year   = {2009},
  note   = {\newline \texttt{http://www.cs.vu.nl/ibis/}}
}

@MISC{javagat-www,
  title  = {Java{GAT} webpage},
  author = {Vrije Universiteit Amsterdam},
  year   = {2009},
  note   = {\newline \texttt{http://www.cs.vu.nl/ibis/javagat.html}}
}

@MISC{javagat-javadoc,
  title  = {Java{GAT} {J}avadoc},
  author = {Vrije Universiteit Amsterdam},
  year   = {2009},
  note   = {\newline \texttt{http://www.cs.vu.nl/ibis/javadoc/javagat/index.html}}
}

%Other
@MISC{python-www,
  title  = {Python {P}rogramming {L}anguage - {O}fficial Website},
  author = {Python Software Foundation},
  year   = {2009},
  note   = {\newline \texttt{http://www.python.org/}}
}

@MISC{soap-www,
  title  = {{SOAP} {S}pecification},
  author = {W3C},
  year   = {2009},
  note   = {\newline \texttt{http://www.w3.org/TR/soap/}}
}

@MISC{json-www,
  title  = {{JSON}},
  author = {Douglas Crockford},
  year   = {2009},
  note   = {\newline \texttt{http://www.json.org/}}
}

@MISC{simplejson-www,
  title  = {{simplejson}},
  author = {Bob Ippolito},
  year   = {2009},
  note   = {\newline \texttt{http://code.google.com/p/simplejson/}}
}